<?xml version="1.0" encoding="UTF-8"?><collection xmlns="http://www.loc.gov/MARC21/slim"><record><leader>00590nam--2200205-u-4500</leader><controlfield tag="001">000050515</controlfield><controlfield tag="002">20161230</controlfield><controlfield tag="005">20161230201048</controlfield><controlfield tag="008">070907s1000------------r-----000-0-eng-d</controlfield><datafield ind1=" " ind2=" " tag="040"><subfield code="a">IFIN-HH</subfield></datafield><datafield ind1=" " ind2=" " tag="080"><subfield code="a">519.86:504.03:536.7</subfield></datafield><datafield ind1="1" ind2=" " tag="100"><subfield code="a">Ruth,Matthias</subfield></datafield><datafield ind1="1" ind2="0" tag="245"><subfield code="a">Integrating Economics, Ecology and Thermodynamics</subfield><subfield code="c">Matthias Ruth</subfield></datafield><datafield ind1=" " ind2=" " tag="260"><subfield code="a">London</subfield><subfield code="b">Kluwerr Academic Publishing</subfield><subfield code="c">1993</subfield></datafield><datafield ind1=" " ind2=" " tag="300"><subfield code="a">251 p</subfield></datafield><datafield ind1=" " ind2=" " tag="490"><subfield code="a">Ecology, Economy $ Environment</subfield></datafield><datafield ind1=" " ind2=" " tag="504"><subfield code="a">Includes Bibliographical References and Index</subfield></datafield><datafield ind1=" " ind2="4" tag="650"><subfield code="a">Ecology</subfield></datafield><datafield ind1=" " ind2=" " tag="852"><subfield code="c">33</subfield></datafield><datafield ind1=" " ind2=" " tag="CAT"><subfield code="a">Sys</subfield><subfield code="c">20110412</subfield><subfield code="h">162300</subfield></datafield></record></collection>